<collection xmlns="http://www.loc.gov/MARC21/slim">
<record>
  <leader>01752nam0a22003251i 450 </leader>
  <controlfield tag="001">IT\ICCU\CNCE\033685</controlfield>
  <controlfield tag="005">20161007000000.0</controlfield>
  <datafield tag="012" ind1=" " ind2=" ">
    <subfield code="a">0599 45ru u-pm enho (3) 1523 (T)</subfield>
    <subfield code="2">fei</subfield>
  </datafield>
  <datafield tag="100" ind1=" " ind2=" ">
    <subfield code="a">19971222d1523        0itac0103    ba</subfield>
  </datafield>
  <datafield tag="101" ind1=" " ind2=" ">
    <subfield code="a">LAT</subfield>
  </datafield>
  <datafield tag="102" ind1=" " ind2=" ">
    <subfield code="a">IT</subfield>
  </datafield>
  <datafield tag="200" ind1="1" ind2=" ">
    <subfield code="a">Postille maiores totius anni omnia que alie antea impresse continebant comprehendentes nunc instaurate sunt additis plerisque marginalibus additionibus ac CCC questionibus tam super euangeliis quam super epistolis ex diuersis sacre pagine authoribus excerptis ...</subfield>
  </datafield>
  <datafield tag="210" ind1=" " ind2=" ">
    <subfield code="e">Venetijs</subfield>
    <subfield code="g">impresse per magistrum Iacobum Pentium de Leucho artis impressorie perquam diligentissimum</subfield>
    <subfield code="h">1523 die 5 Decembris</subfield>
  </datafield>
  <datafield tag="215" ind1=" " ind2=" ">
    <subfield code="a">\16!, 447, \1! c.</subfield>
    <subfield code="d">8ʻ</subfield>
  </datafield>
  <datafield tag="620" ind1=" " ind2=" ">
    <subfield code="a">IT</subfield>
    <subfield code="d">Venezia</subfield>
  </datafield>
  <datafield tag="700" ind1=" " ind2="0">
    <subfield code="a">Guilelmus</subfield>
    <subfield code="c"> : Parisiensis</subfield>
    <subfield code="c"> &lt;fl. 1485&gt;</subfield>
    <subfield code="3">IT\ICCU\CNCA\030002</subfield>
  </datafield>
  <datafield tag="712" ind1="0" ind2="0">
    <subfield code="a">Penzio, Giacomo</subfield>
    <subfield code="3">IT\ICCU\CNCT\000345</subfield>
    <subfield code="4">650</subfield>
  </datafield>
  <datafield tag="791" ind1="0" ind2="0">
    <subfield code="a">Pencio, Giacomo</subfield>
    <subfield code="3">IT\ICCU\CNCT\002482</subfield>
    <subfield code="z">Penzio, Giacomo</subfield>
  </datafield>
  <datafield tag="791" ind1="0" ind2="2">
    <subfield code="a">Iacobus de Leuco</subfield>
    <subfield code="3">IT\ICCU\CNCT\002483</subfield>
    <subfield code="z">Penzio, Giacomo</subfield>
  </datafield>
  <datafield tag="791" ind1="0" ind2="0">
    <subfield code="a">Pentius, Iacobus</subfield>
    <subfield code="3">IT\ICCU\CNCT\002484</subfield>
    <subfield code="z">Penzio, Giacomo</subfield>
  </datafield>
  <datafield tag="791" ind1="0" ind2="2">
    <subfield code="a">Iacobo da Lecco</subfield>
    <subfield code="3">IT\ICCU\CNCT\002485</subfield>
    <subfield code="z">Penzio, Giacomo</subfield>
  </datafield>
  <datafield tag="791" ind1="0" ind2="0">
    <subfield code="a">Pencius, Iacobus</subfield>
    <subfield code="3">IT\ICCU\CNCT\005360</subfield>
    <subfield code="z">Penzio, Giacomo</subfield>
  </datafield>
  <datafield tag="791" ind1="0" ind2="0">
    <subfield code="a">Pentio, Iacomo</subfield>
    <subfield code="3">IT\ICCU\CNCT\005362</subfield>
    <subfield code="z">Penzio, Giacomo</subfield>
  </datafield>
  <datafield tag="791" ind1="0" ind2="0">
    <subfield code="a">Penzi, Iacomo di</subfield>
    <subfield code="3">IT\ICCU\CNCT\005364</subfield>
    <subfield code="z">Penzio, Giacomo</subfield>
  </datafield>
  <datafield tag="791" ind1="0" ind2="0">
    <subfield code="a">Penci, Iacobo de</subfield>
    <subfield code="3">IT\ICCU\CNCT\005366</subfield>
    <subfield code="z">Penzio, Giacomo</subfield>
  </datafield>
  <datafield tag="801" ind1=" " ind2="3">
    <subfield code="a">IT</subfield>
    <subfield code="b">ICCU</subfield>
    <subfield code="c">20201114</subfield>
  </datafield>
  <datafield tag="899" ind1=" " ind2=" ">
    <subfield code="a">Biblioteca del Seminario vescovile. Mondov</subfield>
    <subfield code="1">CN0066</subfield>
    <subfield code="2">TO0 56</subfield>
  </datafield>
  <datafield tag="899" ind1=" " ind2=" ">
    <subfield code="a">Biblioteca Medicea Laurenziana. Firenze</subfield>
    <subfield code="1">FI0100</subfield>
    <subfield code="2">CFI ML</subfield>
  </datafield>
  <datafield tag="899" ind1=" " ind2=" ">
    <subfield code="a">Biblioteca comunale Augusta. Perugia</subfield>
    <subfield code="1">PG0109</subfield>
    <subfield code="2">UM1 01</subfield>
  </datafield>
  <datafield tag="899" ind1=" " ind2=" ">
    <subfield code="a">Biblioteca universitaria Alessandrina. Roma</subfield>
    <subfield code="z">MUTILO</subfield>
    <subfield code="1">RM0280</subfield>
    <subfield code="2">RML 01</subfield>
  </datafield>
</record>
</collection>
